@comment{x-kbibtex-personnameformatting=<%l><, %f>}

@book{stinson,
	author = "Stinson, Douglas R.",
	edition = "3a",
	publisher = "Chapman \& Hall/CRC",
	title = "{Cryptography Theory and Practice}",
	year = "2006"
}

@book{Stallings:2002:CNS:599893,
	author = "Stallings, William",
	edition = "3rd",
	isbn = "0130914290",
	publisher = "Pearson Education",
	title = "{Cryptography and Network Security: Principles and Practice}",
	year = "2002"
}

@book{RoblingDenning:1982:CDS:539308,
	address = "Boston, MA, USA",
	author = "{Robling Denning}, Dorothy Elizabeth",
	isbn = "0-201-10150-5",
	publisher = "Addison-Wesley Longman Publishing Co., Inc.",
	title = "Cryptography and Data Security",
	year = "1982"
}

@book{Paar:2009:UCT:1721909,
	author = "Paar, Christof and Pelzl, Jan",
	edition = "1st",
	isbn = "3642041000, 9783642041006",
	publisher = "Springer Publishing Company, Incorporated",
	title = "Understanding Cryptography: A Textbook for Students and Practitioners",
	year = "2009"
}

@book{Trappe:2005:ICC:1211288,
	address = "Upper Saddle River, NJ, USA",
	author = "Trappe, Wade and Washington, Lawrence C.",
	isbn = "0131862391",
	publisher = "Prentice-Hall, Inc.",
	title = "Introduction to Cryptography with Coding Theory (2Nd Edition)",
	year = "2005"
}

