@BOOK{Vaca2008-oi,
  title     = "\!\`Que suenen pero que duren! Historia de la lauder{\'\i}a en
               la cuenca del Tepalcatepec",
  author    = "Vaca, V{\'\i}ctor Hern{\'a}ndez",
  publisher = "El Colegio de Michoac{\'a}n A. C.",
  month     =  30,
  year      =  2008,
  address   = "Mart{\'\i}nez de Navarrete 505 Las Fuentes 59699 Zamora,
               Michoac{\'a}n",
  language  = "es"
}

@BOOK{Velazquez2018-wi,
  title     = "El expediente {X} del viol{\'\i}n. La perfecta simetr{\'\i}a o
               el sonido {\'o}ptimo",
  author    = "Vel{\'a}zquez, H{\'e}ctor Ernesto Ram{\'\i}rez",
  publisher = "D. R, H{\'e}ctor Ernesto Ram{\'\i}rez Vel{\'a}zquez",
  month     =  28,
  year      =  2018,
  language  = "es"
}

@ARTICLE{Vaca2018-na,
  title    = "Parach{\'o}, la guitarra t{\'u}a y la tierra caliente",
  author   = "Vaca, V{\'\i}ctor Hern{\'a}ndez",
  journal  = "La Manta y La Raya, sep. 2018, Revista Digital",
  pages    = "33--44",
  month    =  sep,
  year     =  2018,
  language = "es"
}
