@misc{martinez-ayala-2022,
	
	title    = "T{\'u}a, grande, tamborina, panzona la guitarra grande del
              occidente de m{\'e}xico | {COLOQUIO} {INTERNACIONAL} {DE}
              {MARIACHI} | coloquio Internacional del Mariachi Mesa 3",
  author   = "Ayala, Jorge Amos Mart{\'\i}nez",
  month    =  feb,
  year     =  2022,
  language = "es",
	url = {https://www.facebook.com/100064757256259/videos/1249672119124975},
}

@ARTICLE{Jurado2016-pp,
  title    = "De guitarras de son, de golpe, panzonas y huapanguerasâ€¦ Una
              aproximaci{\'o}n al estudio de las guitarras tradicionales
              mexicanas",
  author   = "Jurado, Camilo Rax{\'a} Camacho",
  journal  = "Guitarra mexicana. Tiempos y espacios del alma m{\'\i}a
              Testimonio Musical de M{\'e}xico, 66",
  pages    = "153--192",
  year     =  2016,
  language = "es"
}

@BOOK{Vaca2008-oi,
  title     = "\!\`Que suenen pero que duren! Historia de la lauder{\'\i}a en
               la cuenca del Tepalcatepec",
  author    = "Vaca, V{\'\i}ctor Hern{\'a}ndez",
  publisher = "El Colegio de Michoac{\'a}n A. C.",
  month     =  30,
  year      =  2008,
  address   = "Mart{\'\i}nez de Navarrete 505 Las Fuentes 59699 Zamora,
               Michoac{\'a}n",
  language  = "es"
}

@BOOK{Velazquez2018-wi,
  title     = "El expediente {X} del viol{\'\i}n. La perfecta simetr{\'\i}a o
               el sonido {\'o}ptimo",
  author    = "Vel{\'a}zquez, H{\'e}ctor Ernesto Ram{\'\i}rez",
  publisher = "D. R, H{\'e}ctor Ernesto Ram{\'\i}rez Vel{\'a}zquez",
  month     =  28,
  year      =  2018,
  language  = "es"
}

@ARTICLE{Vaca2018-na,
  title    = "Parach{\'o}, la guitarra t{\'u}a y la tierra caliente",
  author   = "Vaca, V{\'\i}ctor Hern{\'a}ndez",
  journal  = "La Manta y La Raya, sep. 2018, Revista Digital",
  pages    = "33--44",
  month    =  sep,
  year     =  2018,
  language = "es"
}
